<record><leader>00000cas a22000007a 4500</leader><controlfield tag="001">16316990</controlfield><controlfield tag="008">870729d19091959iaucr ne      0    0eng d</controlfield><datafield ind1=" " ind2=" " tag="010"><subfield code="a">sn 87057759 </subfield></datafield><datafield ind1=" " ind2=" " tag="040"><subfield code="a">INP</subfield><subfield code="b">eng</subfield><subfield code="c">INP</subfield><subfield code="d">OCLCQ</subfield></datafield><datafield ind1=" " ind2=" " tag="042"><subfield code="a">msc</subfield></datafield><datafield ind1="0" ind2=" " tag="130"><subfield code="a">Sheldon sun (Sheldon, Iowa : 1909)</subfield></datafield><datafield ind1="1" ind2="4" tag="245"><subfield code="a">The Sheldon sun.</subfield></datafield><datafield ind1="1" ind2="3" tag="246"><subfield code="a">Sheldon weekly sun</subfield></datafield><datafield ind1=" " ind2=" " tag="260"><subfield code="a">Sheldon, Iowa :</subfield><subfield code="b">Hamilton &amp; Bartz,</subfield><subfield code="c">1909-1959.</subfield></datafield><datafield ind1=" " ind2=" " tag="300"><subfield code="a">55 v.</subfield></datafield><datafield ind1=" " ind2=" " tag="310"><subfield code="a">Semiweekly,</subfield><subfield code="b">Oct. 7, 1946-1959</subfield></datafield><datafield ind1=" " ind2=" " tag="321"><subfield code="a">Weekly,</subfield><subfield code="b">1909-Oct. 2, 1946</subfield></datafield><datafield ind1="0" ind2=" " tag="362"><subfield code="a">Vol. 9, no. 5 (Mar. 18, 1909)-v. 63, no. 7 (Feb. 16, 1959).</subfield></datafield><datafield ind1=" " ind2=" " tag="500"><subfield code="a">Publisher varies.</subfield></datafield><datafield ind1=" " ind2=" " tag="752"><subfield code="a">United States</subfield><subfield code="b">Iowa</subfield><subfield code="c">O'Brien</subfield><subfield code="d">Sheldon.</subfield></datafield><datafield ind1="0" ind2="0" tag="780"><subfield code="t">Sheldon weekly sun</subfield><subfield code="w">(DLC)sn 87057767</subfield></datafield><datafield ind1="0" ind2="0" tag="785"><subfield code="t">Sheldon Monday sun</subfield><subfield code="w">(DLC)sn 87057760</subfield></datafield></record>